@book{girard1989,
  title={Proofs and Types},
  author={Girard, J.Y. and Lafont, Y. and Taylor, P.},
  isbn={9780521371810},
  lccn={gb89006177},
  series={Cambridge Tracts in Theoretical Computer Science},
  year={1989},
  publisher={Cambridge University Press}
}